@BachelorThesis{Tarant,
  author = "Petr Tarant",
  title  = "Modelem řízená evoluce databáze",
  year   = 2012,
}

@BachelorThesis{Luksch,
	author = "David Luksch",
	title = "Katalog refaktoringu frameworku MigDB",
	year = 2013,
}

@BachelorThesis{Lukes,
	author = "Martin Lukeš",
	title = "Transformace objektových modelů",
	year = 2011,
}

@BachelorThesis{Jezek,
	author = "Jiří Ježek",
	title = "Modelem řízená evoluce objektů",
	year = 2012,
}
